%%% ====================================================================
%%%  BibTeX-file{
%%%     author          = "Gerry Murray",
%%%     version         = "1.2",
%%%     date            = "2 April 2012",
%%%     filename        = "acmsmall-sample-bibfile.bib",
%%%     address         = "ACM, NY",
%%%     email           = "murray at hq.acm.org",
%%%     codetable       = "ISO/ASCII",
%%%     keywords        = "ACM Reference Format, bibliography, citation, references",
%%%     supported       = "yes",
%%%     docstring       = "This BibTeX database file contains 'bibdata' entries
%%%                        that 'match' the examples provided in the Specifications Document
%%%                        AND, also, 'legacy'-type bibs. It should assist authors in 
%%%                        choosing the 'correct' at-bibtype and necessary bib-fields
%%%                        so as to obtain the appropriate ACM Reference Format output. 
%%%			   It also contains many 'Standard Abbreviations'. "
%%%  }
%%% ====================================================================

% Journals

% First the Full Name is given, then the abbreviation used in the AMS Math
% Reviews, with an indication if it could not be found there.
% Note the 2nd overwrites the 1st, so swap them if you want the full name.

 %{AMS}
 

 %ACM
 

 %IEEE
 
 
 %SIAM


% Publishers % ================================================= |


%Entries

@inproceedings{bernaille2006early,
  title={Early application identification},
  author={Bernaille, Laurent and Teixeira, Renata and Salamatian, Kave},
  booktitle={Proceedings of the 2006 ACM CoNEXT conference},
  pages={6},
  year={2006},
  organization={ACM}
}

@inproceedings{moore2005internet,
  title={Internet traffic classification using bayesian analysis techniques},
  author={Moore, Andrew W and Zuev, Denis},
  booktitle={ACM SIGMETRICS Performance Evaluation Review},
  volume={33},
  number={1},
  pages={50--60},
  year={2005},
  organization={ACM}
}

@inproceedings{karagiannis2005blinc,
  title={BLINC: multilevel traffic classification in the dark},
  author={Karagiannis, Thomas and Papagiannaki, Konstantina and Faloutsos, Michalis},
  booktitle={ACM SIGCOMM Computer Communication Review},
  volume={35},
  number={4},
  pages={229--240},
  year={2005},
  organization={ACM}
}

@inproceedings{zander2005automated,
  title={Automated traffic classification and application identification using machine learning},
  author={Zander, Sebastian and Nguyen, Thuy and Armitage, Grenville},
  booktitle={Local Computer Networks, 2005. 30th Anniversary. The IEEE Conference on},
  pages={250--257},
  year={2005},
  organization={IEEE}
}

@inproceedings{erman2006traffic,
  title={Traffic classification using clustering algorithms},
  author={Erman, Jeffrey and Arlitt, Martin and Mahanti, Anirban},
  booktitle={Proceedings of the 2006 SIGCOMM workshop on Mining network data},
  pages={281--286},
  year={2006},
  organization={ACM}
}

@inproceedings{sen2004accurate,
  title={Accurate, scalable in-network identification of p2p traffic using application signatures},
  author={Sen, Subhabrata and Spatscheck, Oliver and Wang, Dongmei},
  booktitle={Proceedings of the 13th international conference on World Wide Web},
  pages={512--521},
  year={2004},
  organization={ACM}
}

@inproceedings{erman2007semi,
  title={Semi-supervised network traffic classification},
  author={Erman, Jeffrey and Mahanti, Anirban and Arlitt, Martin and Cohen, Ira and Williamson, Carey},
  booktitle={ACM SIGMETRICS Performance Evaluation Review},
  volume={35},
  number={1},
  pages={369--370},
  year={2007},
  organization={ACM}
}

@article{xu2008internet,
  title={Internet traffic behavior profiling for network security monitoring},
  author={Xu, Kuai and Zhang, Zhi-Li and Bhattacharyya, Supratik},
  journal={IEEE/ACM Transactions On Networking},
  volume={16},
  number={6},
  pages={1241--1252},
  year={2008},
  publisher={IEEE}
}

@article{kim2016high,
  title={High-performance internet traffic classification using a Markov model and Kullback-Leibler divergence},
  author={Kim, Jeankyung and Hwang, Jinsoo and Kim, Kichang},
  journal={Mobile Information Systems},
  volume={2016},
  year={2016},
  publisher={Hindawi Publishing Corporation}
}

@misc{sklearn,
  title={scikit-learn},
  howpublished={\url{http://scikit-learn.org/}},
  year={2017}
}

@inproceedings{quinn2016knownet,
  title={KnowNet: Towards a knowledge plane for enterprise network management},
  author={Quinn, Ren and Kunz, Josh and Syed, Aisha and Breen, Joe and Kasera, Sneha and Ricci, Rob and Van der Merwe, Jacobus},
  booktitle={Network Operations and Management Symposium (NOMS), 2016 IEEE/IFIP},
  pages={249--256},
  year={2016},
  organization={IEEE}
}

@inproceedings{ciraci2016taking,
  title={Taking the blame game out of data centers operations with netpoirot},
  author={Ciraci, Selim and Loo, Boon Thau and Schuster, Assaf and Outhred, Geoff and others},
  booktitle={Proceedings of the 2016 conference on ACM SIGCOMM 2016 Conference},
  pages={440--453},
  year={2016},
  organization={ACM}
}

@misc{sklearnmutual,
  title={Normalized Mutual Information Score},
  howpublished={\url{http://scikit-learn.org/stable/modules/generated/sklearn.metrics.normalized_mutual_info_score.html}},
  year={2017}
}

@article{daume2012course,
  title={A course in machine learning},
  author={Daum{\'e} III, Hal},
  journal={chapter},
  volume={16},
  pages={186-194},
  year={2012}
}

@article{white2002integrated,
  title={An integrated experimental environment for distributed systems and networks},
  author={White, Brian and Lepreau, Jay and Stoller, Leigh and Ricci, Robert and Guruprasad, Shashi and Newbold, Mac and Hibler, Mike and Barb, Chad and Joglekar, Abhijeet},
  journal={ACM SIGOPS Operating Systems Review},
  volume={36},
  number={SI},
  pages={255--270},
  year={2002},
  publisher={ACM}
}